@book{adams1995hitchhiker,
  title={The Hitchhiker's Guide to the Galaxy},
  author={Adams, D.},
  isbn={9781417642595},
  url={http://books.google.com/books?id=W-xMPgAACAAJ},
  year={1995},
  publisher={San Val}
}

@article{harada2013parallel,
  title={Parallel cascade selection molecular dynamics (PaCS-MD) to generate conformational transition pathway},
  author={Harada, Ryuhei and Kitao, Akio},
  journal={The Journal of chemical physics},
  volume={139},
  number={3},
  pages={07B611\_1},
  year={2013},
  publisher={AIP}
}

@inproceedings{kocsis2006bandit,
  title={Bandit based monte-carlo planning},
  author={Kocsis, Levente and Szepesv{\'a}ri, Csaba},
  booktitle={European conference on machine learning},
  pages={282--293},
  year={2006},
  organization={Springer}
}